@misc{arinc,
  title = {ARINC Avionics Standards // SAE ITC [Электронный ресурс]. 
  --- URL: \texttt{https://www.aviation-ia.com/product-categories/600-series/}
  (дата обращения: 30.05.2022)}
}

@misc{sanitizer,
  title = {Address Sanitizer // Clang Team [Электронный ресурс]. --- URL:
  \texttt{https://clang.llvm.org/docs/AddressSanitizer.html}
  (дата обращения: 30.05.2022)}
}

@misc{scons,
  title = {SCons 4.3.0 // The SCons Foundation [Электронный ресурс]. 
  --- URL: \texttt{https://scons.org/doc/production/HTML/scons-user.html}
  (дата обращения: 30.05.2022)}
}

@misc{jetos,
  title = {JetOS // Redmine [Электронный ресурс]. --- URL:
  \texttt{https://forge.ispras.ru/projects/jetos/repository/main/revisions/\\master/entry/README.md}
  (дата обращения: 30.05.2022)}
}

@misc{allocator,
  title = {JetOS allocator // Redmine [Электронный ресурс]. --- URL:
  \texttt{https://forge.ispras.ru/projects/jetos/repository/allocator/revisions/\\master/entry/README.txt}
  (дата обращения: 30.05.2022)}
}
